@inproceedings{carvalho2009clues,
  title={Clues for detecting irony in user-generated contents: oh...!! it's so easy;-)},
  author={Carvalho, Paula and Sarmento, Lu{\'\i}s and Silva, M{\'a}rio J and de Oliveira, Eug{\'e}nio},
  booktitle={Proceedings of the 1st international CIKM workshop on Topic-sentiment analysis for mass opinion},
  pages={53--56},
  year={2009},
  organization={ACM}
}

@inproceedings{gonzalez2011identifying,
  title={Identifying sarcasm in Twitter: a closer look},
  author={Gonz{\'a}lez-Ib{\'a}nez, Roberto and Muresan, Smaranda and Wacholder, Nina},
  booktitle={Proceedings of the 49th Annual Meeting of the Association for Computational Linguistics: Human Language Technologies: short papers-Volume 2},
  pages={581--586},
  year={2011},
  organization={Association for Computational Linguistics}
}

@inproceedings{blitzer2007biographies,
  title={Biographies, bollywood, boom-boxes and blenders: Domain adaptation for sentiment classification},
  author={Blitzer, John and Dredze, Mark and Pereira, Fernando},
  booktitle={ACL},
  volume={7},
  pages={440--447},
  year={2007}
}

@article{ye2009sentiment,
  title={Sentiment classification of online reviews to travel destinations by supervised machine learning approaches},
  author={Ye, Qiang and Zhang, Ziqiong and Law, Rob},
  journal={Expert Systems with Applications},
  volume={36},
  number={3},
  pages={6527--6535},
  year={2009},
  publisher={Elsevier}
}

@inproceedings{choi2008learning,
  title={Learning with compositional semantics as structural inference for subsentential sentiment analysis},
  author={Choi, Yejin and Cardie, Claire},
  booktitle={Proceedings of the Conference on Empirical Methods in Natural Language Processing},
  pages={793--801},
  year={2008},
  organization={Association for Computational Linguistics}
}

@article{verma2009incorporating,
  title={Incorporating semantic knowledge for sentiment analysis},
  author={Verma, Shitanshu and Bhattacharyya, Pushpak},
  journal={Proceedings of ICON},
  year={2009}
}

@article{arhaves,
  title={The Haves and the Have-Nots: Leveraging Unlabelled Corpora for Sentiment Analysis},
  author={AR, Kashyap Popat2 Balamurali and Bhattacharyya, Pushpak and Haffari, Gholamreza},
  year={2009},
  publisher={ACL}
}

@incollection{saif2012semantic,
  title={Semantic sentiment analysis of twitter},
  author={Saif, Hassan and He, Yulan and Alani, Harith},
  booktitle={The Semantic Web--ISWC 2012},
  pages={508--524},
  year={2012},
  publisher={Springer}
}

@article{martin2010word,
  title={Word sense disambiguation in opinion mining: Pros and cons},
  author={Mart{\i}n-Wanton, Tamara and Balahur-Dobrescu, Alexandra and Montoyo-Guijarro, Andres and Pons-Porrata, Aurora},
  journal={Special issue: Natural Language Processing and its Applications},
  volume={119},
  pages={358},
  year={2010}
}

@inproceedings{rentoumi2009sentiment,
  title={Sentiment analysis of figurative language using a word sense disambiguation approach},
  author={Rentoumi, Vassiliki and Giannakopoulos, George and Karkaletsis, Vangelis and Vouros, George A},
  booktitle={Proceedings of the International Conference RANLP},
  pages={370--375},
  year={2009}
}

@inproceedings{balamurali2011harnessing,
  title={Harnessing wordnet senses for supervised sentiment classification},
  author={Balamurali, AR and Joshi, Aditya and Bhattacharyya, Pushpak},
  booktitle={Proceedings of the Conference on Empirical Methods in Natural Language Processing},
  pages={1081--1091},
  year={2011},
  organization={Association for Computational Linguistics}
}

@inproceedings{balamurali2011harnessing,
  title={Harnessing wordnet senses for supervised sentiment classification},
  author={Balamurali, AR and Joshi, Aditya and Bhattacharyya, Pushpak},
  booktitle={Proceedings of the Conference on Empirical Methods in Natural Language Processing},
  pages={1081--1091},
  year={2011},
  organization={Association for Computational Linguistics}
}

@inproceedings{mukherjee2012sentiment,
  title={Sentiment Analysis in Twitter with Lightweight Discourse Analysis.},
  author={Mukherjee, Subhabrata and Bhattacharyya, Pushpak},
  booktitle={COLING},
  pages={1847--1864},
  year={2012}
}

@inproceedings{ruppenhofer2012semantic,
  title={Semantic frames as an anchor representation for sentiment analysis},
  author={Ruppenhofer, Josef and Rehbein, Ines},
  booktitle={Proceedings of the 3rd Workshop in Computational Approaches to Subjectivity and Sentiment Analysis},
  pages={104--109},
  year={2012},
  organization={Association for Computational Linguistics}
}

@article{wang2005note,
  title={A note on topical n-grams},
  author={Wang, Xuerui and McCallum, Andrew},
  year={2005}
}

@inproceedings{jo2011aspect,
  title={Aspect and sentiment unification model for online review analysis},
  author={Jo, Yohan and Oh, Alice H},
  booktitle={Proceedings of the fourth ACM international conference on Web search and data mining},
  pages={815--824},
  year={2011},
  organization={ACM}
}

@inproceedings{zhang2008generation,
  title={A generation model to unify topic relevance and lexicon-based sentiment for opinion retrieval},
  author={Zhang, Min and Ye, Xingyao},
  booktitle={Proceedings of the 31st annual international ACM SIGIR conference on Research and development in information retrieval},
  pages={411--418},
  year={2008},
  organization={ACM}
}

@incollection{balamurali2013lost,
  title={Lost in translation: viability of machine translation for cross language sentiment analysis},
  author={Balamurali, AR and Khapra, Mitesh M and Bhattacharyya, Pushpak},
  booktitle={Computational Linguistics and Intelligent Text Processing},
  pages={38--49},
  year={2013},
  publisher={Springer}
}

@inproceedings{mei2007topic,
  title={Topic sentiment mixture: modeling facets and opinions in weblogs},
  author={Mei, Qiaozhu and Ling, Xu and Wondra, Matthew and Su, Hang and Zhai, ChengXiang},
  booktitle={Proceedings of the 16th international conference on World Wide Web},
  pages={171--180},
  year={2007},
  organization={ACM}
}

@article{turney2002unsupervised,
  title={Unsupervised learning of semantic orientation from a hundred-billion-word corpus},
  author={Turney, Peter and Littman, Michael L},
  year={2002}
}

@inproceedings{bespalov2011sentiment,
  title={Sentiment classification based on supervised latent n-gram analysis},
  author={Bespalov, Dmitriy and Bai, Bing and Qi, Yanjun and Shokoufandeh, Ali},
  booktitle={Proceedings of the 20th ACM international conference on Information and knowledge management},
  pages={375--382},
  year={2011},
  organization={ACM}
}

@inproceedings{wang2007topical,
  title={Topical n-grams: Phrase and topic discovery, with an application to information retrieval},
  author={Wang, Xuerui and McCallum, Andrew and Wei, Xing},
  booktitle={Data Mining, 2007. ICDM 2007. Seventh IEEE International Conference on},
  pages={697--702},
  year={2007},
  organization={IEEE}
}

@article{liu2010sentiment,
  title={Sentiment analysis and subjectivity},
  author={Liu, Bing},
  journal={Handbook of natural language processing},
  volume={2},
  pages={568},
  year={2010},
  publisher={Chapman \& Hall}
}

@article{scherer2005emotions,
  title={What are emotions? And how can they be measured?},
  author={Scherer, Klaus R},
  journal={Social science information},
  volume={44},
  number={4},
  pages={695--729},
  year={2005},
  publisher={Sage Publications}
}

@book{scherer2010blueprint,
  title={Blueprint for Affective Computing: A Sourcebook and Manual},
  author={Scherer, Klaus R and B{\"a}nziger, Tanja and Roesch, Etienne B},
  year={2010},
  publisher={Oxford University Press}
}

@article{go2009twitter,
  title={Twitter sentiment classification using distant supervision},
  author={Go, Alec and Bhayani, Richa and Huang, Lei},
  journal={CS224N Project Report, Stanford},
  pages={1--12},
  year={2009}
}

@inproceedings{nigam1999using,
  title={Using maximum entropy for text classification},
  author={Nigam, Kamal and Lafferty, John and McCallum, Andrew},
  booktitle={IJCAI-99 workshop on machine learning for information filtering},
  volume={1},
  pages={61--67},
  year={1999}
}

@article{mukherjeesentiment,
  title={Sentiment Analysis in Twitter with Lightweight Discourse Analysis},
  author={Mukherjee, Subhabrata and Bhattacharyya, Pushpak and Balamurali, AR},
  year={2010}
}

@inproceedings{pang2004sentimental,
  title={A sentimental education: Sentiment analysis using subjectivity summarization based on minimum cuts},
  author={Pang, Bo and Lee, Lillian},
  booktitle={Proceedings of the 42nd annual meeting on Association for Computational Linguistics},
  pages={271},
  year={2004},
  organization={Association for Computational Linguistics}
}

@inproceedings{turney2002thumbs,
  title={Thumbs up or thumbs down?: semantic orientation applied to unsupervised classification of reviews},
  author={Turney, Peter D},
  booktitle={Proceedings of the 40th annual meeting on association for computational linguistics},
  pages={417--424},
  year={2002},
  organization={Association for Computational Linguistics}
}

@inproceedings{esuli2006determining,
  title={Determining term subjectivity and term orientation for opinion mining},
  author={Esuli, Andrea and Sebastiani, Fabrizio},
  booktitle={Proceedings of EACL},
  volume={6},
  pages={193--200},
  year={2006}
}

@article{engstrom2004topic,
  title={Topic dependence in sentiment classification},
  author={Engstr{\"o}m, Charlotta},
  journal={Unpublished MPhil Dissertation. University of Cambridge},
  year={2004}
}

@inproceedings{ponte1998language,
  title={A language modeling approach to information retrieval},
  author={Ponte, Jay M and Croft, W Bruce},
  booktitle={Proceedings of the 21st annual international ACM SIGIR conference on Research and development in information retrieval},
  pages={275--281},
  year={1998},
  organization={ACM}
}

@inproceedings{riloff2005exploiting,
  title={Exploiting subjectivity classification to improve information extraction},
  author={Riloff, Ellen and Wiebe, Janyce and Phillips, William},
  booktitle={Proceedings of the National Conference On Artificial Intelligence},
  volume={20},
  number={3},
  pages={1106},
  year={2005},
  organization={Menlo Park, CA; Cambridge, MA; London; AAAI Press; MIT Press; 1999}
}

@inproceedings{madsen2005modeling,
  title={Modeling word burstiness using the Dirichlet distribution},
  author={Madsen, Rasmus E and Kauchak, David and Elkan, Charles},
  booktitle={Proceedings of the 22nd international conference on Machine learning},
  pages={545--552},
  year={2005},
  organization={ACM}
}

@article{blei2003latent,
  title={Latent dirichlet allocation},
  author={Blei, David M and Ng, Andrew Y and Jordan, Michael I},
  journal={the Journal of machine Learning research},
  volume={3},
  pages={993--1022},
  year={2003},
  publisher={JMLR. org}
}

@inproceedings{eguchi2006sentiment,
  title={Sentiment retrieval using generative models},
  author={Eguchi, Koji and Lavrenko, Victor},
  booktitle={Proceedings of the 2006 Conference on Empirical Methods in Natural Language Processing},
  pages={345--354},
  year={2006},
  organization={Association for Computational Linguistics}
}

@misc{apachelucene,
  author={Apache Lucene},
  year={2013},
  organization={The Apache Software Foundation},
  url={http://lucene.apache.org/}
}

@misc{sentiwordnet,
  author={SentiWordNet},
  year={2013},
  url={http://sentiwordnet.isti.cnr.it/}
}

@misc{stanfordpostagger,
  author={Stanford POS tagger},
  year={2013},
  url={http://nlp.stanford.edu/software/tagger.shtml}
}

@misc{dmoz,
  author={dmoz open directory project},
  year={2013},
  url={http://www.dmoz.org/}
}

@article{heinrich2005parameter,
  title={Parameter estimation for text analysis},
  author={Heinrich, Gregor},
  journal={Web: http://www.arbylon.net/publications/text-est.pdf},
  year={2005}
}

@article{walsh2004markov,
  title={Markov chain monte carlo and gibbs sampling},
  author={Walsh, Brian},
  year={2004},
  publisher={Citeseer}
}

@inproceedings{wallach2009evaluation,
  title={Evaluation methods for topic models},
  author={Wallach, Hanna M and Murray, Iain and Salakhutdinov, Ruslan and Mimno, David},
  booktitle={Proceedings of the 26th Annual International Conference on Machine Learning},
  pages={1105--1112},
  year={2009},
  organization={ACM}
}

@inproceedings{lin2009joint,
  title={Joint sentiment/topic model for sentiment analysis},
  author={Lin, Chenghua and He, Yulan},
  booktitle={Proceedings of the 18th ACM conference on Information and knowledge management},
  pages={375--384},
  year={2009},
  organization={ACM}
}

@misc{mallet,
  author={Mallet},
  year={2002},
  url={http://mallet.cs.umass.edu/topics.php}
}
